@misc{heymans2014limits,
  title={The limits and possibilities of prepaid water in urban Africa: Lessons from the field},
  author={Heymans, Christiaan and Eales, Kathy and Franceys, Richard},
  year={2014},
  publisher={World Bank}
}

@article{anand2014consuming,
  title={Consuming citizenship: Prepaid meters and the politics of technology in Mumbai},
  author={Anand, Nikhil},
  year={2014}
}

@techreport{jack2016charging,
  title={Charging ahead: Prepaid electricity metering in South Africa},
  author={Jack, B Kelsey and Smith, Grant},
  year={2016},
  institution={National Bureau of Economic Research}
}

@article{jack2015pay,
  title={Pay as you go: Prepaid metering and electricity expenditures in South Africa},
  author={Jack, B Kelsey and Smith, Grant},
  journal={American Economic Review},
  volume={105},
  number={5},
  pages={237--41},
  year={2015}
}

@article{szabo2015reducing,
  title={Reducing nonpayment for public utilities: Experimental evidence from South Africa},
  author={Szab{\'o}, Andrea and Ujhelyi, Gergely},
  journal={Journal of Development Economics},
  volume={117},
  pages={20--31},
  year={2015},
  publisher={Elsevier}
}



@article{northeast2014,
  title={Sub-Saharan Africa Electricity Metering: Market Forecast (2014
to 2024)},
  author={{Northeast Group}},
  journal={Northeast Group, LLC},
  year={2014}
}


@article{dupas2013savings,
  title={Savings constraints and microenterprise development: Evidence from a field experiment in Kenya},
  author={Dupas, Pascaline and Robinson, Jonathan},
  journal={American Economic Journal: Applied Economics},
  volume={5},
  number={1},
  pages={163--92},
  year={2013}
}

@article{dupas2013don,
  title={Why don't the poor save more? Evidence from health savings experiments},
  author={Dupas, Pascaline and Robinson, Jonathan},
  journal={American Economic Review},
  volume={103},
  number={4},
  pages={1138--71},
  year={2013}
}


@article{amuedo2011remittances,
  title={Remittances and income smoothing},
  author={Amuedo-Dorantes, Catalina and Pozo, Susan},
  journal={American Economic Review},
  volume={101},
  number={3},
  pages={582--87},
  year={2011}
}


@article{hannagan2015income,
  title={Income gains and month-to-month income volatility: Household evidence from the US Financial Diaries},
  author={Hannagan, Anthony and Morduch, Jonathan},
  year={2015}
}



@article{ito2014consumers,
  title={Do consumers respond to marginal or average price? Evidence from nonlinear electricity pricing},
  author={Ito, Koichiro},
  journal={American Economic Review},
  volume={104},
  number={2},
  pages={537--63},
  year={2014}
}

@article{wjv,
  title={Optimal Pricing and Informal Sharing: Evidence from Piped Water in Manila},
  author={Violette, William},
  journal={Unpublished Manuscript},
  year={2019}
}


@article{szabo2015value,
  title={The Value of Free Water: Analyzing South Africa's Free Basic Water Policy},
  author={Szab{\'o}, Andrea},
  journal={Econometrica},
  volume={83},
  number={5},
  pages={1913--1961},
  year={2015},
  publisher={Wiley Online Library}
}



@article{cull2009microfinance,
  title={Microfinance meets the market},
  author={Cull, Robert and Asli Demirg{\"u}{\c{c}}-Kunt, Asli and Morduch, Jonathan},
  journal={Journal of Economic perspectives},
  volume={23},
  number={1},
  pages={167--92},
  year={2009}
}

# Evaluating the Ownership Spirit Displayed by the Golf Course Reconstruction and Development (RDP) Housing Programme Beneficiaries with Evidence Emanating from the 2011-2013 Research Case Study

@article{gourinchas2002consumption,
  title={Consumption over the life cycle},
  author={Gourinchas, Pierre-Olivier and Parker, Jonathan A},
  journal={Econometrica},
  volume={70},
  number={1},
  pages={47--89},
  year={2002},
  publisher={Wiley Online Library}
}


@article{karlan2009expanding,
  title={Expanding credit access: Using randomized supply decisions to estimate the impacts},
  author={Karlan, Dean and Zinman, Jonathan},
  journal={The Review of Financial Studies},
  volume={23},
  number={1},
  pages={433--464},
  year={2009},
  publisher={Society for Financial Studies}
}


@article{gine2014group,
  title={Group versus individual liability: Short and long term evidence from Philippine microcredit lending groups},
  author={Gin{\'e}, Xavier and Karlan, Dean S},
  journal={Journal of development Economics},
  volume={107},
  pages={65--83},
  year={2014},
  publisher={Elsevier}
}



@article{andreoni2012estimating,
  title={Estimating time preferences from convex budgets},
  author={Andreoni, James and Sprenger, Charles},
  journal={American Economic Review},
  volume={102},
  number={7},
  pages={3333--56},
  year={2012}
}

@techreport{laibson2007estimating,
  title={Estimating discount functions with consumption choices over the lifecycle},
  author={Laibson, David and Repetto, Andrea and Tobacman, Jeremy},
  year={2007},
  institution={National Bureau of Economic Research}
}


@article{hoque2013state,
  title={State-of-the-art review: designing urban water tariffs to recover costs and promote wise use},
  author={Hoque, Sonia Ferdous and Wichelns, Dennis},
  journal={International journal of water resources development},
  volume={29},
  number={3},
  pages={472--491},
  year={2013},
  publisher={Taylor \& Francis Group}
}


@article{deaton1991saving,
  title={SAVING AND LIQUIDITY CONSTRAINTS},
  author={Deaton, Angus},
  journal={Econometrica (1986-1998)},
  volume={59},
  number={5},
  pages={1221},
  year={1991},
  publisher={Blackwell Publishing Ltd.}
}







@article{besley1995group,
  title={Group lending, repayment incentives and social collateral},
  author={Besley, Timothy and Coate, Stephen},
  journal={Journal of development economics},
  volume={46},
  number={1},
  pages={1--18},
  year={1995},
  publisher={Elsevier}
}

@article{stiglitz1990peer,
  title={Peer monitoring and credit markets},
  author={Stiglitz, Joseph E},
  journal={The world bank economic review},
  volume={4},
  number={3},
  pages={351--366},
  year={1990},
  publisher={Oxford University Press}
}

@article{jack2014risk,
  title={Risk sharing and transactions costs: Evidence from Kenya's mobile money revolution},
  author={Jack, William and Suri, Tavneet},
  journal={American Economic Review},
  volume={104},
  number={1},
  pages={183--223},
  year={2014}
}


@article{morduch1999microfinance,
  title={The microfinance promise},
  author={Morduch, Jonathan},
  journal={Journal of economic literature},
  volume={37},
  number={4},
  pages={1569--1614},
  year={1999}
}


@techreport{demirguc2018global,
  title={Global Findex Database 2017},
  author={Demirguc-Kunt, Asli and Klapper, Leora and Singer, Dorothe and Ansar, Saniya and Hess, Jake},
  year={2018},
  institution={The World Bank}
}




@article{komives2006distributional,
  title={The distributional incidence of residential water and electricity subsidies},
  author={Komives, Kristin and Halpern, Jonathan and Foster, Vivien and Wodon, Quentin T and Abdullah, Roohi},
  year={2006}
}


@article{morduch1995income,
  title={Income smoothing and consumption smoothing},
  author={Morduch, Jonathan},
  journal={Journal of economic perspectives},
  volume={9},
  number={3},
  pages={103--114},
  year={1995}
}


@article{banerjee2007economic,
  title={The economic lives of the poor},
  author={Banerjee, Abhijit V and Duflo, Esther},
  journal={Journal of economic perspectives},
  volume={21},
  number={1},
  pages={141--168},
  year={2007}
}


@article{mcrae2015infrastructure,
  title={Infrastructure quality and the subsidy trap},
  author={McRae, Shaun},
  journal={American Economic Review},
  volume={105},
  number={1},
  pages={35--66},
  year={2015}
}


@book{kojima2016making,
  title={Making power affordable for Africa and viable for its utilities},
  author={Kojima, Masami and Trimble, Chris},
  year={2016},
  publisher={World Bank}
}

@book{laffont2005regulation,
  title={Regulation and development},
  author={Laffont, Jean-Jacques},
  year={2005},
  publisher={Cambridge University Press}
}


}




